@article{pena2021morphometry,
  title={Morphometry of castor bean seeds from the Durango State's arid zone, Mexico},
  author={Pe{\~n}a-Uribe, Gabriel de Jes{\'u}s and Valdivia-Mart{\'\i}nez, Oscar and L{\'o}pez-Santos, Armando and Valdez-Cepeda, Ricardo David},
  journal={Seed Science and Technology},
  volume={49},
  number={3},
  pages={247--260},
  year={2021},
  publisher={International Seed Testing Association}
}


@inproceedings{gautam2022feature,
  title={Feature selection based Dry-Beans Multiclass classification with Optimized Deep Neural Network},
  author={Gautam, Vinay and Trivedi, Naresh Kumar and Anand, Abhineet and Rani, Jyoti},
  booktitle={2022 10th International Conference on Reliability, Infocom Technologies and Optimization (Trends and Future Directions)(ICRITO)},
  pages={1--5},
  year={2022},
  organization={IEEE}
}

@article{khan2023comparison,
  title={Comparison of multiclass classification techniques using dry bean dataset},
  author={Khan, Md Salauddin and Nath, Tushar Deb and Hossain, Md Murad and Mukherjee, Arnab and Hasnath, Hafiz Bin and Meem, Tahera Manhaz and Khan, Umama},
  journal={International Journal of Cognitive Computing in Engineering},
  volume={4},
  pages={6--20},
  year={2023},
  publisher={Elsevier}
}

@inproceedings{chawathe2021classification,
  title={Classification of dry beans using image features},
  author={Chawathe, Sudarshan S},
  booktitle={2021 IEEE 12th Annual Ubiquitous Computing, Electronics \& Mobile Communication Conference (UEMCON)},
  pages={0950--0956},
  year={2021},
  organization={IEEE}
}

@inproceedings{sandeep2022modern,
  title={A Modern Approach to Seed Quality Check and itâ€™s Traceability in Agriculture},
  author={Sandeep Chaitanya, N and Movva, Rajitha Bhargavi and Yeruva, Sagar},
  booktitle={Proceedings of Second International Conference on Advances in Computer Engineering and Communication Systems: ICACECS 2021},
  pages={117--129},
  year={2022},
  organization={Springer}
}